<record><leader>00000cas a22000007a 4500</leader><controlfield tag="001">33842178</controlfield><controlfield tag="008">951204d19291938sduwr ne      0    0eng d</controlfield><datafield ind1=" " ind2=" " tag="010"><subfield code="a">sn 95076603 </subfield></datafield><datafield ind1=" " ind2=" " tag="040"><subfield code="a">SXN</subfield><subfield code="b">eng</subfield><subfield code="c">SXN</subfield><subfield code="d">OCLCQ</subfield><subfield code="d">OCLCF</subfield><subfield code="d">OCLCO</subfield></datafield><datafield ind1="1" ind2=" " tag="029"><subfield code="a">AU@</subfield><subfield code="b">000025862514</subfield></datafield><datafield ind1=" " ind2=" " tag="042"><subfield code="a">msc</subfield></datafield><datafield ind1="0" ind2="4" tag="245"><subfield code="a">The Lemmon leader and Grand Valley herald.</subfield></datafield><datafield ind1=" " ind2=" " tag="260"><subfield code="a">Lemmon, Perkins County, S.D. :</subfield><subfield code="b">Leader Pub. Co.</subfield></datafield><datafield ind1=" " ind2=" " tag="300"><subfield code="a">v.</subfield></datafield><datafield ind1=" " ind2=" " tag="310"><subfield code="a">Weekly</subfield></datafield><datafield ind1="0" ind2=" " tag="362"><subfield code="a">Vol. [22], no. 49 (July 4, 1929)-v. 31, no. 52 (July 14, 1938).</subfield></datafield><datafield ind1=" " ind2=" " tag="500"><subfield code="a">"The voice of the West River country."</subfield></datafield><datafield ind1=" " ind2=" " tag="515"><subfield code="a">Issue for July 4, 1929 is numbered vol. XXLL but constitutes vol. XXII, no. 49.</subfield></datafield><datafield ind1=" " ind2=" " tag="530"><subfield code="a">Available on microfilm from: State Archives, South Dakota State Historical Society.</subfield></datafield><datafield ind1=" " ind2="0" tag="651"><subfield code="a">Lemmon (S.D.)</subfield><subfield code="v">Newspapers.</subfield></datafield><datafield ind1=" " ind2="0" tag="651"><subfield code="a">Perkins County (S.D.)</subfield><subfield code="v">Newspapers.</subfield></datafield><datafield ind1=" " ind2="7" tag="655"><subfield code="a">Newspapers.</subfield><subfield code="2">fast</subfield><subfield code="0">(OCoLC)fst01423814</subfield></datafield><datafield ind1=" " ind2="7" tag="651"><subfield code="a">South Dakota</subfield><subfield code="z">Lemmon.</subfield><subfield code="2">fast</subfield><subfield code="0">(OCoLC)fst01288136</subfield></datafield><datafield ind1=" " ind2="7" tag="651"><subfield code="a">South Dakota</subfield><subfield code="z">Perkins County.</subfield><subfield code="2">fast</subfield><subfield code="0">(OCoLC)fst01215807</subfield></datafield><datafield ind1=" " ind2=" " tag="752"><subfield code="a">United States</subfield><subfield code="b">South Dakota</subfield><subfield code="c">Perkins</subfield><subfield code="d">Lemmon.</subfield></datafield><datafield ind1="0" ind2="0" tag="780"><subfield code="t">Grand Valley herald</subfield><subfield code="w">(DLC)sn 95076501</subfield></datafield><datafield ind1="0" ind2="0" tag="785"><subfield code="t">Lemmon leader</subfield><subfield code="w">(DLC)sn 95076605</subfield></datafield></record>